<record><leader>00000cas a22000007a 4500</leader><controlfield tag="001">13412483</controlfield><controlfield tag="008">860409d18851885pauwr ne      0    0eng d</controlfield><datafield ind1=" " ind2=" " tag="010"><subfield code="a">sn 86081270 </subfield></datafield><datafield ind1=" " ind2=" " tag="040"><subfield code="a">NPH</subfield><subfield code="b">eng</subfield><subfield code="c">NPH</subfield><subfield code="d">OCLCQ</subfield></datafield><datafield ind1=" " ind2=" " tag="042"><subfield code="a">msc</subfield></datafield><datafield ind1="0" ind2="4" tag="245"><subfield code="a">The Valley mail.</subfield></datafield><datafield ind1=" " ind2=" " tag="260"><subfield code="a">Harrison Valley, Pa. :</subfield><subfield code="b">Geo. F. Wood,</subfield><subfield code="c">1885.</subfield></datafield><datafield ind1=" " ind2=" " tag="300"><subfield code="a">1 v. ;</subfield><subfield code="c">56 cm.</subfield></datafield><datafield ind1=" " ind2=" " tag="310"><subfield code="a">Weekly</subfield></datafield><datafield ind1="0" ind2=" " tag="362"><subfield code="a">Vol. 1, no. 16 (May 8, 1885)-v. 1, no. 35 (Sept. 11, 1885).</subfield></datafield><datafield ind1=" " ind2=" " tag="752"><subfield code="a">United States</subfield><subfield code="b">Pennsylvania</subfield><subfield code="c">Potter</subfield><subfield code="d">Harrison Valley.</subfield></datafield><datafield ind1="0" ind2="0" tag="780"><subfield code="t">Harrison Valley mail</subfield><subfield code="w">(DLC)sn 86081269</subfield></datafield><datafield ind1="0" ind2="0" tag="785"><subfield code="t">Prohibition banner (Harrison Vally, Pa.)</subfield><subfield code="w">(DLC)sn 86081271</subfield></datafield></record>